<?xml version="1.0" encoding="UTF-8"?><collection xmlns="http://www.loc.gov/MARC21/slim"><record><leader>00538nam--2200181-u-4500</leader><controlfield tag="001">000056805</controlfield><controlfield tag="002">20191022</controlfield><controlfield tag="005">20191022064814</controlfield><controlfield tag="008">191022s1000------------r-----000-0-eng-d</controlfield><datafield ind1=" " ind2=" " tag="041"><subfield code="a">eng</subfield></datafield><datafield ind1="1" ind2=" " tag="100"><subfield code="a">Dascalu, Dan</subfield></datafield><datafield ind1="1" ind2="0" tag="245"><subfield code="a">Micro and nanostructures</subfield><subfield code="c">Dan Dascalu, Gheorghe Paun, Eugen Pincovschi, Vladimir Topa, Victor Voicu (eds.)</subfield></datafield><datafield ind1=" " ind2=" " tag="260"><subfield code="a">Bucuresti</subfield><subfield code="b">Editura Academiei Romane</subfield><subfield code="c">2001</subfield></datafield><datafield ind1=" " ind2=" " tag="300"><subfield code="a">241 p</subfield></datafield><datafield ind1=" " ind2=" " tag="500"><subfield code="a">donatie Gheorghe Dinescu</subfield></datafield><datafield ind1="1" ind2=" " tag="700"><subfield code="a">Voicu,Victor</subfield></datafield><datafield ind1=" " ind2=" " tag="852"><subfield code="a">82771</subfield><subfield code="c">539.2</subfield></datafield><datafield ind1=" " ind2=" " tag="CAT"><subfield code="a">SYS</subfield><subfield code="c">20191022</subfield><subfield code="h">064814</subfield></datafield></record></collection>